@article{meier2015,
author = "hans meier",
title = {some title}
}
